@inproceedings{dhakal2022automatic,
  title       = {Automatic speech recognition for the Nepali language using CNN, bidirectional LSTM and ResNet},
  author      = {Dhakal, Manish and Chhetri, Arman and Gupta, Aman Kumar and Lamichhane, Prabin and Pandey, Suraj and Shakya, Subarna},
  booktitle   = {2022 International Conference on Inventive Computation Technologies (ICICT)},
  pages       = {515-521},
  year        = {2022},
  organization= {IEEE}
}

@misc{ravanelli2019speakerrecognitionrawwaveform,
      title={Speaker Recognition from Raw Waveform with SincNet}, 
      author={Mirco Ravanelli and Yoshua Bengio},
      year={2019},
      eprint={1808.00158},
      archivePrefix={arXiv},
      primaryClass={eess.AS},
      url={https://arxiv.org/abs/1808.00158}, 
}

@misc{he2015deepresiduallearningimage,
      title={Deep Residual Learning for Image Recognition}, 
      author={Kaiming He and Xiangyu Zhang and Shaoqing Ren and Jian Sun},
      year={2015},
      eprint={1512.03385},
      archivePrefix={arXiv},
      primaryClass={cs.CV},
      url={https://arxiv.org/abs/1512.03385}, 
}

@misc{garofolo1993timit,
  title        = {DARPA TIMIT Acoustic-Phonetic Continuous Speech Corpus},
  author       = {Garofolo, John S. and Lamel, Lori F. and Fisher, William M. and Fiscus, Jonathan G. and Pallett, David S.},
  year         = {1993},
  publisher    = {Linguistic Data Consortium},
  address      = {Philadelphia},
  note         = {LDC Catalog No. LDC93S1, ISBN 1-58563-014-5}
}

@misc{jurafsky2025slp,
  title        = {Speech and Language Processing},
  author       = {Jurafsky, Daniel and Martin, James H.},
  year         = {2025},
  howpublished = {Draft, January 12, 2025},
  note         = {Chapter 16: Automatic Speech Recognition and Text-to-Speech},
  copyright    = {2024}
}

@misc{mozilla_commonvoice,
  title        = {Mozilla Common Voice: A Massively-Multilingual Speech Corpus},
  author       = {{Mozilla Foundation}},
  year         = {2017},
  howpublished = {\url{https://commonvoice.mozilla.org/}},
  note         = {Accessed: 2025-09-29}
}

@inproceedings{Ardila2020,
  title     = {Common Voice: A Massively-Multilingual Speech Corpus},
  author    = {Ardila, Rosana and Branson, Megan and Davis, Kelly and Kohler, Michael and Meyer, Josh and Henretty, Reuben and Morais, Michael and Saunders, Lindsay and Tyers, Francis M. and Weber, Gregor},
  booktitle = {Proceedings of the 12th Language Resources and Evaluation Conference (LREC 2020)},
  year      = {2020},
  publisher = {European Language Resources Association (ELRA)},
  pages     = {4218--4222},
  url       = {https://aclanthology.org/2020.lrec-1.520},
  address   = {Marseille, France}
}

@misc{cmudict,
  title = {CMU Pronouncing Dictionary},
  author = {{Carnegie Mellon University}},
  year = {1998},
  howpublished = {\url{http://www.speech.cs.cmu.edu/cgi-bin/cmudict}}
}

@inproceedings{AhiaEtAl2024,
  title        = {Voices Unheard: NLP Resources and Models for Yorùbá Regional Dialects},
  author       = {Orevaoghene Ahia and Anuoluwapo Aremu and Diana Abagyan and Hila Gonen and David Ifeoluwa Adelani and Daud Abolade and Noah A. Smith and Yulia Tsvetkov},
  booktitle    = {Proceedings of the 2024 Conference on Empirical Methods in Natural Language Processing (EMNLP ’24)},
  pages        = {4392--4409},
  year         = {2024},
  publisher    = {Association for Computational Linguistics},
  doi          = {10.18653/v1/2024.emnlp-main.251},
  url          = {https://aclanthology.org/2024.emnlp-main.251}
}

@book{Adesola2024,
  author      = {Oluseye Adesola},
  title       = {Yoruba: A Grammar Sketch, Version 1.0},
  institution = {Afranaph Project / Afranaph Database},
  year        = {2024},
  note        = {Online PDF edition},
  url         = {https://afranaphproject.afranaphdatabase.com/images/stories/downloads/casefiles/YorubaGS.pdf}
}

@phdthesis{Przezdziecki2005,
  author       = {Przezdziecki, Marek A.},
  title        = {Vowel Harmony and Coarticulation in Three Dialects of Yorùbá: Phonetics Determining Phonology},
  school       = {Cornell University},
  year         = {2005},
  type         = {Ph.D.\ dissertation},
  url          = {https://ecommons.cornell.edu/items/53bd6579-2185-43f1-8485-680c2b063453}
}

@article{AllenPulleyblankAjiboye2013,
  author    = {Blake Allen and Douglas Pulleyblank and Ọládiípọ̀ Ajíbóyè},
  title     = {Articulatory mapping of Yoruba vowels: an ultrasound study},
  journal   = {Phonology},
  volume    = {30},
  number    = {2},
  pages     = {183--210},
  year      = {2013},
  doi       = {10.1017/S0952675713000110},
  url       = {https://www.cambridge.org/core/journals/phonology/article/articulatory-mapping-of-yoruba-vowels-an-ultrasound-study/95B747A3B7A1FF8C6A19DBD021B944C0}
}
